@misc{website1,
    author    = "",
    title     = "",
    url       = "https://fr.wikipedia.org/wiki/Tours_de_Hano%C3%AF",
    note = "accessed at 31/12/2021"
}

@misc{website2,
    author    = "",
    title     = "",
    url = "https://accromath.uqam.ca/2016/02/les-tours-de-hanoi-et-la-base-trois/",
    note = "accessed at 31/12/2021"
}
