@misc{website1,
    url       = "https://fr.wikipedia.org/wiki/Tours_de_Hano%C3%AF"
}

@misc{website2,
    author    = "Donald Knuth",
    title     = "Knuth: Computers and Typesetting",
    url = "https://accromath.uqam.ca/2016/02/les-tours-de-hanoi-et-la-base-trois/",
    note = "accessed at 31/12/2021"
}